
% See http://www.ele.uri.edu/info/thesis/guide/biblio_howto.pdf
% for a complete list of supported document types.

@Book{ turabian87,
  author    = "K. L. Turabian",
  title     = "A Manual for Writers of Term Papers, Theses, and
               Dissertations, 6th. edn.",
  address   = "Chicago, Illinois, United States of America",
  publisher = "University of Chicago Press",
  year      = "1987"
}

@InProceedings{ re:toolan:as03,
  author    = "Timothy M. Toolan and Donald W. Tufts",
  title     = "Detection and estimation in non-stationary environments",
  booktitle = "Proceedings {IEEE} Asilomar Conference on Signals, Systems
               \& Computers",
  pages     = "797-801",
  month     = nov,
  year      = "2003",
}

@Electronic{ re:thesisguide,
  organization = "University of Rhode Island",
  title     = "A Guide to Producing Your Thesis with LaTeX",
  url       = "http://www.ele.uri.edu/info/thesis/guide",
  month     = jun,
  year      = "2006",
  key       = "University of Rhode Island",
}

