@ARTICLE{bowman:reasoning,
	AUTHOR = "Mic Bowman and Saumya K. Debray and Larry L. Peterson",
	TITLE = "Reasoning About Naming Systems",
	JOURNAL = "ACM Trans. Program. Lang. Syst.",
	VOLUME = {15},
	NUMBER = {5},
	PAGES = {795-825},
	MONTH = "November",
	YEAR = {1993}	}

@ARTICLE{IEEE:javaphp,
	AUTHOR = "Toyotaro Suzumura, Scott Trent, Michiaki Tatsubori, Akihiko Tozawa and Tamiya Onodera",
	TITLE = "Performance Comparison of Web Service Engines in PHP, Java, and C",
	JOURNAL = "Web Services, 2008. ICWS '08. IEEE International Conference on ",
	PAGES = {385-392},
	MONTH = "September",
	YEAR = {2008} }
	
@ARTICLE{MVC:codeigniter,
	AUTHOR = "GU Da-gang (Department of Computer Science,Guiyang University,Guizhou Guiyang 550005 PRC)",
	TITLE = "Analysis of Model-based MVC Framework for PHP Development CodeIgniter",
	INDEX = {TP311.52},
	MONTH = "May",
	YEAR = {2009} }
	
@ARTICLE{performance:dynweb,
	AUTHOR = "	Lance Titchkosky and Martin Arlitt and Carey Williamson",
	TITLE = "A performance comparison of dynamic Web technologies",
	JOURNAL = {ACM SIGMETRICS},
	VOLUME = {31},
	NUMBER = {3},
	PAGES = {2-11},
	MONTH = "December",
	YEAR = {2003} }
	
@ARTICLE{performance:lamp,
	AUTHOR = "	Ramana, U.V. and Prabhakar, T.V.",
	TITLE = "Some experiments with the performance of LAMP architecture",
	JOURNAL = {Computer and Information Technology, 2005. CIT 2005.},
	PAGES = {916-920},
	MONTH = "September",
	YEAR = {2005} }
	
@ARTICLE{MVC:cakephp,
	AUTHOR = "Sugiharto Widjaja",
	TITLE = "Web-based IDE to create Model and Controller Components for MVC-based Web Applications on CakePHP",
	MONTH = "December",
	YEAR = {2010} }
	
	
	
	
	

@ARTICLE{braams:babel,
	AUTHOR = "Johannes Braams",
	TITLE = "Babel, a Multilingual Style-Option System for Use with LaTeX's Standard Document Styles",
	JOURNAL = {TUGboat},
	VOLUME = {12},
	NUMBER = {2},
	PAGES = {291-301},
	MONTH = "June",
	YEAR = {1991}	}

@INPROCEEDINGS{clark:pct,
	AUTHOR = "Malcolm Clark",
	TITLE = "Post Congress Tristesse",
	BOOKTITLE = "TeX90 Conference Proceedings",
	PAGES = "84-89",
	ORGANIZATION = "TeX Users Group",
	MONTH = "March", 
	YEAR = {1991}	}

@ARTICLE{herlihy:methodology,
	AUTHOR = "Maurice Herlihy",
	TITLE = "A Methodology for Implementing Highly Concurrent
	Data Objects",
	JOURNAL = {ACM Trans. Program. Lang. Syst.},
	VOLUME = {15},
	NUMBER = {5},
	PAGES = {745-770},
	MONTH = "November",
	YEAR = {1993}	}

@BOOK{Lamport:LaTeX,
	AUTHOR = "Leslie Lamport",
	TITLE = "LaTeX User's Guide and Document Reference Manual",
	PUBLISHER = "Addison-Wesley Publishing Company",
	ADDRESS = "Reading, Massachusetts",
	YEAR = "1986"	}

@BOOK{salas:calculus,
	AUTHOR = "S.L. Salas and Einar Hille",
	TITLE = "Calculus: One and Several Variable",
	PUBLISHER = "John Wiley and Sons",
	ADDRESS = "New York",
	YEAR = "1978"	}






